@article{McConachie_1976,
	doi = {10.1016/s0010-9452(76)80033-0},
	url = {https://doi.org/10.1016%2Fs0010-9452%2876%2980033-0},
	year = 1976,
	month = {mar},
	publisher = {Elsevier {BV}},
	volume = {12},
	number = {1},
	pages = {76--82},
	author = {Helen R. McConachie},
	title = {Developmental Prosopagnosia. A Single Case Report},
	journal = {Cortex}
}
@article{Bodamer_1947,
	doi = {10.1007/bf00352849},
	url = {https://doi.org/10.1007%2Fbf00352849},
	year = 1947,
	publisher = {Springer Nature America, Inc},
	volume = {179},
	number = {1-2},
	pages = {6--53},
	author = {Joachim Bodamer},
	title = {Die Prosop-Agnosie},
	journal = {Archiv für Psychiatrie und Nervenkrankheiten Vereinigt mit Zeitschrift für die Gesamte Neurologie und Psychiatrie}
}
@article{Benton_1968,
	doi = {10.1016/s0010-9452(68)80018-8},
	url = {https://doi.org/10.1016%2Fs0010-9452%2868%2980018-8},
	year = 1968,
	month = {dec},
	publisher = {Elsevier {BV}},
	volume = {4},
	number = {4},
	pages = {344--IN1},
	author = {A.L. Benton and M.W. Van Allen},
	title = {Impairment in Facial Recognition in Patients with Cerebral Disease},
	journal = {Cortex}
}
@article{Ariel_1996,
	doi = {10.1016/s0010-9452(96)80048-7},
	url = {https://doi.org/10.1016%2Fs0010-9452%2896%2980048-7},
	year = 1996,
	month = {jun},
	publisher = {Elsevier {BV}},
	volume = {32},
	number = {2},
	pages = {221--240},
	author = {Raya Ariel and Michelle Sadeh},
	title = {Congenital Visual Agnosia and Prosopagnosia in a Child: A Case Report},
	journal = {Cortex}
}
@article{Duchaine_2006curr,
	doi = {10.1016/j.conb.2006.03.003},
	url = {https://doi.org/10.1016%2Fj.conb.2006.03.003},
	year = 2006,
	month = {apr},
	publisher = {Elsevier {BV}},
	volume = {16},
	number = {2},
	pages = {166--173},
	author = {Bradley C Duchaine and Ken Nakayama},
	title = {Developmental prosopagnosia: a window to content-specific face processing},
	journal = {Current Opinion in Neurobiology}
}
@article{Kennerknecht_2008,
	doi = {10.1002/ajmg.a.32552},
	url = {https://doi.org/10.1002%2Fajmg.a.32552},
	year = 2008,
	month = {nov},
	publisher = {Wiley},
	volume = {146A},
	number = {22},
	pages = {2863--2870},
	author = {Ingo Kennerknecht and Nga Yee Ho and Virginia C.N. Wong},
	title = {Prevalence of hereditary prosopagnosia ({HPA}) in Hong Kong Chinese population},
	journal = {American Journal of Medical Genetics Part A}
}
@article{Bowles_2009,
	doi = {10.1080/02643290903343149},
	url = {https://doi.org/10.1080%2F02643290903343149},
	year = 2009,
	month = {jul},
	publisher = {Informa {UK} Limited},
	volume = {26},
	number = {5},
	pages = {423--455},
	author = {Devin C. Bowles and Elinor McKone and Amy Dawel and Bradley Duchaine and Romina Palermo and Laura Schmalzl and Davide Rivolta and C. Ellie Wilson and Galit Yovel},
	title = {Diagnosing prosopagnosia: Effects of ageing, sex, and participant{\textendash}stimulus ethnic match on the Cambridge Face Memory Test and Cambridge Face Perception Test},
	journal = {Cognitive Neuropsychology}
}
@article{Sacks,
	year = 2010,
	volume = {86},
	pages = {25-36},
	author = {Oliver Sacks},
	title = {Face blind},
	journal = {New Yorker}
}
@article{Fine_2012,
	doi = {10.1080/02643294.2012.736377},
	url = {https://doi.org/10.1080%2F02643294.2012.736377},
	year = 2012,
	month = {sep},
	publisher = {Informa {UK} Limited},
	volume = {29},
	number = {5-6},
	pages = {354--359},
	author = {David Roger Fine},
	title = {A life with prosopagnosia},
	journal = {Cognitive Neuropsychology}
}
@article{De_Haan_1999,
	doi = {10.1076/jcen.21.3.312.917},
	url = {https://doi.org/10.1076%2Fjcen.21.3.312.917},
	year = 1999,
	month = {jun},
	publisher = {Informa {UK} Limited},
	volume = {21},
	number = {3},
	pages = {312--315},
	author = {Edward H. F. De Haan},
	title = {A Familial Factor in the Development of Face Recognition Deficits},
	journal = {Journal of Clinical and Experimental Neuropsychology}
}
@article{GRUETER_2007,
	doi = {10.1016/s0010-9452(08)70502-1},
	url = {https://doi.org/10.1016%2Fs0010-9452%2808%2970502-1},
	year = 2007,
	publisher = {Elsevier {BV}},
	volume = {43},
	number = {6},
	pages = {734--749},
	author = {M Grueter and T Grueter and V Bell and J Horst and W Laskowski and K Sperling and P Halligan and H Elli and I Kennerknecht},
	title = {Hereditary Prosopagnosia: the First Case Series},
	journal = {Cortex}
}
@article{Duchaine_2008,
	doi = {10.1002/ajmg.a.32548},
	url = {https://doi.org/10.1002%2Fajmg.a.32548},
	year = 2008,
	month = {nov},
	publisher = {Wiley},
	volume = {146A},
	number = {22},
	pages = {2860--2862},
	author = {Bradley Duchaine},
	title = {Comment on prevalence of hereditary prosopagnosia ({HPA}) in Hong Kong Chinese population},
	journal = {American Journal of Medical Genetics Part A}
}
@article{Bate_2009,
	doi = {10.1080/02643290903175004},
	url = {https://doi.org/10.1080%2F02643290903175004},
	year = 2009,
	month = {jun},
	publisher = {Informa {UK} Limited},
	volume = {26},
	number = {4},
	pages = {391--411},
	author = {Sarah Bate and Catherine Haslam and Ashok Jansari and Timothy L. Hodgson},
	title = {Covert face recognition relies on affective valence in congenital prosopagnosia},
	journal = {Cognitive Neuropsychology}
}
@article{Shah_2016,
	doi = {10.1192/bjp.208.1.94b},
	url = {https://doi.org/10.1192%2Fbjp.208.1.94b},
	year = 2016,
	month = {jan},
	publisher = {Royal College of Psychiatrists},
	volume = {208},
	number = {01},
	pages = {94--95},
	author = {Punit Shah},
	title = {Identification, diagnosis and treatment of prosopagnosia},
	journal = {British Journal of Psychiatry}
}
@article{Bate_2017,
	doi = {10.1080/17470218.2016.1195414},
	url = {https://doi.org/10.1080%2F17470218.2016.1195414},
	year = 2017,
	month = {feb},
	publisher = {{SAGE} Publications},
	volume = {70},
	number = {2},
	pages = {193--200},
	author = {Sarah Bate and Jeremy J. Tree},
	title = {The Definition and Diagnosis of Developmental Prosopagnosia},
	journal = {Quarterly Journal of Experimental Psychology}
}
@article{Rivolta_2012,
	doi = {10.1007/s11065-012-9223-0},
	url = {https://doi.org/10.1007%2Fs11065-012-9223-0},
	year = 2012,
	month = {nov},
	publisher = {Springer Nature},
	volume = {23},
	number = {2},
	pages = {111--116},
	author = {Davide Rivolta and Romina Palermo and Laura Schmalzl},
	title = {What is Overt and what is Covert in Congenital Prosopagnosia?},
	journal = {Neuropsychology Review}
}
@article{Behrmann_2016,
	doi = {10.1002/wcs.1388},
	url = {https://doi.org/10.1002%2Fwcs.1388},
	year = 2016,
	month = {may},
	publisher = {Wiley},
	volume = {7},
	number = {4},
	pages = {247--263},
	author = {Marlene Behrmann and K. Suzanne Scherf and Galia Avidan},
	title = {Neural mechanisms of face perception, their emergence over development, and their breakdown},
	journal = {Wiley Interdisciplinary Reviews: Cognitive Science}
}
@article{Susilo_2013,
	doi = {10.1016/j.conb.2012.12.011},
	url = {https://doi.org/10.1016%2Fj.conb.2012.12.011},
	year = 2013,
	month = {jun},
	publisher = {Elsevier {BV}},
	volume = {23},
	number = {3},
	pages = {423--429},
	author = {Tirta Susilo and Bradley Duchaine},
	title = {Advances in developmental prosopagnosia research},
	journal = {Current Opinion in Neurobiology}
}
@article{Grill_Spector_2014,
	doi = {10.1038/nrn3747},
	url = {https://doi.org/10.1038%2Fnrn3747},
	year = 2014,
	month = {jun},
	publisher = {Springer Nature},
	volume = {15},
	number = {8},
	pages = {536--548},
	author = {Kalanit Grill-Spector and Kevin S. Weiner},
	title = {The functional architecture of the ventral temporal cortex and its role in categorization},
	journal = {Nature Reviews Neuroscience}
}
@article{Damasio_1982,
	doi = {10.1212/wnl.32.4.331},
	url = {https://doi.org/10.1212%2Fwnl.32.4.331},
	year = 1982,
	month = {apr},
	publisher = {Ovid Technologies (Wolters Kluwer Health)},
	volume = {32},
	number = {4},
	pages = {331--331},
	author = {A. R. Damasio and H. Damasio and G. W. Van Hoesen},
	title = {Prosopagnosia: Anatomic basis and behavioral mechanisms},
	journal = {Neurology}
}
@article{De_Haan_1991,
	doi = {10.1016/s0010-9452(13)80001-9},
	url = {https://doi.org/10.1016%2Fs0010-9452%2813%2980001-9},
	year = 1991,
	month = {dec},
	publisher = {Elsevier {BV}},
	volume = {27},
	number = {4},
	pages = {489--509},
	author = {Edward H.F. De Haan and Ruth Campbell},
	title = {A Fifteen Year Follow-Up of a Case of Developmental Prosopagnosia},
	journal = {Cortex}
}
@article{de_Gelder_2000,
	doi = {10.1097/00001756-200009280-00021},
	url = {https://doi.org/10.1097%2F00001756-200009280-00021},
	year = 2000,
	month = {sep},
	publisher = {Ovid Technologies (Wolters Kluwer Health)},
	volume = {11},
	number = {14},
	pages = {3145--3150},
	author = {Beatrice de Gelder and Romke Rouw},
	title = {Configural face processes in acquired and developmental prosopagnosia},
	journal = {{NeuroReport}}
}
@article{Nunn_2001,
	doi = {10.1093/neucas/7.1.15},
	url = {https://doi.org/10.1093%2Fneucas%2F7.1.15},
	year = 2001,
	month = {jan},
	publisher = {Swets {\&} Zeitlinger Publishers},
	volume = {7},
	number = {1},
	pages = {15--27},
	author = {J. A. Nunn and P. Postma and R. Pearson},
	title = {Developmental Prosopagnosia: Should it be Taken at Face Value?},
	journal = {Neurocase}
}
@article{Jones_2001,
	doi = {10.1076/jcen.23.3.265.1183},
	url = {https://doi.org/10.1076%2Fjcen.23.3.265.1183},
	year = 2001,
	month = {jun},
	publisher = {Informa {UK} Limited},
	volume = {23},
	number = {3},
	pages = {265--273},
	author = {R.D. Jones and D. Tranel},
	title = {Severe Developmental Prosopagnosia in a Child With Superior Intellect},
	journal = {Journal of Clinical and Experimental Neuropsychology}
}
@article{Maurer_2002,
	doi = {10.1016/s1364-6613(02)01903-4},
	url = {https://doi.org/10.1016%2Fs1364-6613%2802%2901903-4},
	year = 2002,
	month = {jun},
	publisher = {Elsevier {BV}},
	volume = {6},
	number = {6},
	pages = {255--260},
	author = {Daphne Maurer and Richard Le Grand and Catherine J. Mondloch},
	title = {The many faces of configural processing},
	journal = {Trends in Cognitive Sciences}
}
@article{Bentin_1999,
	doi = {10.1097/00001756-199903170-00029},
	url = {https://doi.org/10.1097%2F00001756-199903170-00029},
	year = 1999,
	month = {mar},
	publisher = {Ovid Technologies (Wolters Kluwer Health)},
	volume = {10},
	number = {4},
	pages = {823--827},
	author = {Shlomo Bentin and Leon Y. Deouell and Nachum Soroker},
	title = {Selective visual streaming in face recognition},
	journal = {{NeuroReport}}
}
@article{Duchaine_2005,
	doi = {10.1162/0898929053124857},
	url = {https://doi.org/10.1162%2F0898929053124857},
	year = 2005,
	month = {feb},
	publisher = {{MIT} Press - Journals},
	volume = {17},
	number = {2},
	pages = {249--261},
	author = {Brad Duchaine and Ken Nakayama},
	title = {Dissociations of Face and Object Recognition in Developmental Prosopagnosia},
	journal = {Journal of Cognitive Neuroscience}
}
@article{Weiner_2014,
	doi = {10.1016/j.neuroimage.2013.08.068},
	url = {https://doi.org/10.1016%2Fj.neuroimage.2013.08.068},
	year = 2014,
	month = {jan},
	publisher = {Elsevier {BV}},
	volume = {84},
	pages = {453--465},
	author = {Kevin S. Weiner and Golijeh Golarai and Julian Caspers and Miguel R. Chuapoco and Hartmut Mohlberg and Karl Zilles and Katrin Amunts and Kalanit Grill-Spector},
	title = {The mid-fusiform sulcus: A landmark identifying both cytoarchitectonic and functional divisions of human ventral temporal cortex},
	journal = {{NeuroImage}}
}
@article{Hasson_2003,
	doi = {10.1162/089892903321593135},
	url = {https://doi.org/10.1162%2F089892903321593135},
	year = 2003,
	month = {apr},
	publisher = {{MIT} Press - Journals},
	volume = {15},
	number = {3},
	pages = {419--431},
	author = {Uri Hasson and Galia Avidan and Leon Y. Deouell and Shlomo Bentin and Rafael Malach},
	title = {Face-selective Activation in a Congenital Prosopagnosic Subject},
	journal = {Journal of Cognitive Neuroscience}
}
@article{Avidan_2005,
	doi = {10.1162/0898929054475145},
	url = {https://doi.org/10.1162%2F0898929054475145},
	year = 2005,
	month = {jul},
	publisher = {{MIT} Press - Journals},
	volume = {17},
	number = {7},
	pages = {1150--1167},
	author = {Galia Avidan and Uri Hasson and Rafael Malach and Marlene Behrmann},
	title = {Detailed Exploration of Face-related Processing in Congenital Prosopagnosia: 2. Functional Neuroimaging Findings},
	journal = {Journal of Cognitive Neuroscience}
}
@article{Furl_2011,
	doi = {10.1162/jocn.2010.21545},
	url = {https://doi.org/10.1162%2Fjocn.2010.21545},
	year = 2011,
	month = {jul},
	publisher = {{MIT} Press - Journals},
	volume = {23},
	number = {7},
	pages = {1723--1740},
	author = {Nicholas Furl and L{\'{u}}cia Garrido and Raymond J. Dolan and Jon Driver and Bradley Duchaine},
	title = {Fusiform Gyrus Face Selectivity Relates to Individual Differences in Facial Recognition Ability},
	journal = {Journal of Cognitive Neuroscience}
}
@article{Gr_ter_2009,
	doi = {10.1016/j.neulet.2009.02.021},
	url = {https://doi.org/10.1016%2Fj.neulet.2009.02.021},
	year = 2009,
	month = {apr},
	publisher = {Elsevier {BV}},
	volume = {453},
	number = {3},
	pages = {135--140},
	author = {Thomas Grüter and Martina Grüter and Vaughan Bell and Claus-Christian Carbon},
	title = {Visual mental imagery in congenital prosopagnosia},
	journal = {Neuroscience Letters}
}
@article{Tree_2010,
	doi = {10.1016/j.cortex.2010.03.005},
	url = {https://doi.org/10.1016%2Fj.cortex.2010.03.005},
	year = 2010,
	month = {oct},
	publisher = {Elsevier {BV}},
	volume = {46},
	number = {9},
	pages = {1189--1198},
	author = {Jeremy J. Tree and Jaimie Wilkie},
	title = {Face and object imagery in congenital prosopagnosia: A~case series},
	journal = {Cortex}
}
@article{Oldfield_1971,
	doi = {10.1016/0028-3932(71)90067-4},
	url = {https://doi.org/10.1016%2F0028-3932%2871%2990067-4},
	year = 1971,
	month = {mar},
	publisher = {Elsevier {BV}},
	volume = {9},
	number = {1},
	pages = {97--113},
	author = {R.C. Oldfield},
	title = {The assessment and analysis of handedness: The Edinburgh inventory},
	journal = {Neuropsychologia}
}
@article{Grewe_2014,
	doi = {10.1080/13554794.2014.974619},
	url = {https://doi.org/10.1080%2F13554794.2014.974619},
	year = 2014,
	month = {nov},
	publisher = {Informa {UK} Limited},
	volume = {21},
	number = {6},
	pages = {688--696},
	author = {Philip Grewe and Friedrich G. Woermann and Christian G. Bien and Martina Piefke},
	title = {Disturbed spatial cognitive processing of body-related stimuli in a case of a lesion to the right fusiform gyrus},
	journal = {Neurocase}
}
@article{Ofte_2002,
	doi = {10.1076/jcen.24.1.82.966},
	url = {https://doi.org/10.1076%2Fjcen.24.1.82.966},
	year = 2002,
	month = {feb},
	publisher = {Informa {UK} Limited},
	volume = {24},
	number = {1},
	pages = {82--92},
	author = {Sonja H. Ofte and Kenneth Hugdahl},
	title = {Rightleft Discrimination in Male and Female, Young and Old Subjects},
	journal = {Journal of Clinical and Experimental Neuropsychology}
}
@book{Horn,
	year = 1983,
	publisher = {Hogrefe},
	author = {W Horn},
	title = {Leistungsprüfsystem (LPS), 2. erweiterte und verbesserte Auflage}
}
	
@article{Duchaine_2006cfmt,
	doi = {10.1016/j.neuropsychologia.2005.07.001},
	url = {https://doi.org/10.1016%2Fj.neuropsychologia.2005.07.001},
	year = 2006,
	month = {jan},
	publisher = {Elsevier {BV}},
	volume = {44},
	number = {4},
	pages = {576--585},
	author = {Brad Duchaine and Ken Nakayama},
	title = {The Cambridge Face Memory Test: Results for neurologically intact individuals and an investigation of its validity using inverted face stimuli and prosopagnosic participants},
	journal = {Neuropsychologia}
}
@article{Towler_2017,
	doi = {10.1080/17470218.2016.1165263},
	url = {https://doi.org/10.1080%2F17470218.2016.1165263},
	year = 2017,
	month = {feb},
	publisher = {{SAGE} Publications},
	volume = {70},
	number = {2},
	pages = {316--344},
	author = {John Towler and Katie Fisher and Martin Eimer},
	title = {The Cognitive and Neural Basis of Developmental Prosopagnosia},
	journal = {Quarterly Journal of Experimental Psychology}
}
@article{Fine_2011,
	doi = {10.1136/bmj.d1736},
	url = {https://doi.org/10.1136%2Fbmj.d1736},
	year = 2011,
	month = {mar},
	publisher = {{BMJ}},
	volume = {342},
	pages = {d1736--d1736},
	author = {D. R. Fine},
	title = {We need a simple test for prosopagnosia},
	journal = {{BMJ}}
}
@article{Garrido_2009,
	doi = {10.1093/brain/awp271},
	url = {https://doi.org/10.1093%2Fbrain%2Fawp271},
	year = 2009,
	month = {nov},
	publisher = {Oxford University Press ({OUP})},
	volume = {132},
	number = {12},
	pages = {3443--3455},
	author = {L{\'{u}}cia Garrido and Nicholas Furl and Bogdan Draganski and Nikolaus Weiskopf and John Stevens and Geoffrey Chern-Yee Tan and Jon Driver and Ray J. Dolan and Bradley Duchaine},
	title = {Voxel-based morphometry reveals reduced grey matter volume in the temporal cortex of developmental prosopagnosics},
	journal = {Brain}
}
@book{Duchaine_2011,
	doi = {10.1093/oxfordhb/9780199559053.013.0042},
	url = {https://doi.org/10.1093%2Foxfordhb%2F9780199559053.013.0042},
	year = 2011,
	month = {jul},
	publisher = {Oxford University Press},
	author = {Bradley Duchaine},
	title = {Developmental Prosopagnosia: cognitive, Neural, and Developmental Investigations}
}
@article{Duchaine_2000,
	doi = {10.1097/00001756-200001170-00016},
	url = {https://doi.org/10.1097%2F00001756-200001170-00016},
	year = 2000,
	month = {jan},
	publisher = {Ovid Technologies (Wolters Kluwer Health)},
	volume = {11},
	number = {1},
	pages = {79--83},
	author = {Bradley C. Duchaine},
	title = {Developmental prosopagnosia with normal configural processing},
	journal = {{NeuroReport}}
}
@article{Le_Grand_2006,
	doi = {10.1016/j.bandc.2005.11.005},
	url = {https://doi.org/10.1016%2Fj.bandc.2005.11.005},
	year = 2006,
	month = {jul},
	publisher = {Elsevier {BV}},
	volume = {61},
	number = {2},
	pages = {139--158},
	author = {Richard Le Grand and Philip A. Cooper and Catherine J. Mondloch and Terri L. Lewis and Noam Sagiv and Beatrice de Gelder and Daphne Maurer},
	title = {What aspects of face processing are impaired in developmental prosopagnosia?},
	journal = {Brain and Cognition}
}
@article{Todorov_2008,
	doi = {10.1080/02643290802044996},
	url = {https://doi.org/10.1080%2F02643290802044996},
	year = 2008,
	month = {may},
	publisher = {Informa {UK} Limited},
	volume = {25},
	number = {3},
	pages = {395--410},
	author = {Alexander Todorov and Bradley Duchaine},
	title = {Reading trustworthiness in faces without recognizing faces},
	journal = {Cognitive Neuropsychology}
}
@article{Duchaine_2009,
	doi = {10.1080/02643291003616145},
	url = {https://doi.org/10.1080%2F02643291003616145},
	year = 2009,
	month = {oct},
	publisher = {Informa {UK} Limited},
	volume = {26},
	number = {7},
	pages = {620--634},
	author = {Bradley Duchaine and Heidi Murray and Martha Turner and Sarah White and L{\'{u}}cia Garrido},
	title = {Normal social cognition in developmental prosopagnosia},
	journal = {Cognitive Neuropsychology}
}
@article{Baron_Cohen_2001,
	doi = {10.1111/1469-7610.00715},
	url = {https://doi.org/10.1111%2F1469-7610.00715},
	year = 2001,
	month = {feb},
	publisher = {Wiley},
	volume = {42},
	number = {2},
	pages = {241--251},
	author = {Simon Baron-Cohen and Sally Wheelwright and Jacqueline Hill and Yogini Raste and Ian Plumb},
	title = {The "Reading the Mind in the Eyes" Test Revised Version: A Study with Normal Adults, and Adults with Asperger Syndrome or High-functioning Autism},
	journal = {Journal of Child Psychology and Psychiatry}
}
@article{Duchaine_2006cog,
	doi = {10.1080/02643290500441296},
	url = {https://doi.org/10.1080%2F02643290500441296},
	year = 2006,
	month = {jul},
	publisher = {Informa {UK} Limited},
	volume = {23},
	number = {5},
	pages = {714--747},
	author = {Bradley C. Duchaine and Galit Yovel and Edward J. Butterworth and Ken Nakayama},
	title = {Prosopagnosia as an impairment to face-specific mechanisms: Elimination of the alternative hypotheses in a developmental case},
	journal = {Cognitive Neuropsychology}
}
@article{Duchaine_2003,
	doi = {10.1068/p5067},
	url = {https://doi.org/10.1068%2Fp5067},
	year = 2003,
	month = {jul},
	publisher = {{SAGE} Publications},
	volume = {32},
	number = {7},
	pages = {827--838},
	author = {Bradley C Duchaine and Holly Parker and Ken Nakayama},
	title = {Normal Recognition of Emotion in a Prosopagnosic},
	journal = {Perception}
}
@article{Humphreys_2006,
	doi = {10.1007/s00221-006-0621-5},
	url = {https://doi.org/10.1007%2Fs00221-006-0621-5},
	year = 2006,
	month = {aug},
	publisher = {Springer Nature},
	volume = {176},
	number = {2},
	pages = {356--373},
	author = {Kate Humphreys and Galia Avidan and Marlene Behrmann},
	title = {A detailed investigation of facial expression processing in congenital prosopagnosia as compared to acquired prosopagnosia},
	journal = {Experimental Brain Research}
}
@article{Wegrzyn_2017,
	doi = {10.1186/s40359-017-0186-z},
	url = {https://doi.org/10.1186%2Fs40359-017-0186-z},
	year = 2017,
	month = {may},
	publisher = {Springer Nature},
	volume = {5},
	number = {1},
	author = {Martin Wegrzyn and Sina Westphal and Johanna Kissler},
	title = {In your face: the biased judgement of fear-anger expressions in violent offenders},
	journal = {{BMC} Psychology}
}
@article{Tottenham_2009,
	doi = {10.1016/j.psychres.2008.05.006},
	url = {https://doi.org/10.1016%2Fj.psychres.2008.05.006},
	year = 2009,
	month = {aug},
	publisher = {Elsevier {BV}},
	volume = {168},
	number = {3},
	pages = {242--249},
	author = {Nim Tottenham and James W. Tanaka and Andrew C. Leon and Thomas McCarry and Marcella Nurse and Todd A. Hare and David J. Marcus and Alissa Westerlund and BJ Casey and Charles Nelson},
	title = {The {NimStim} set of facial expressions: Judgments from untrained research participants},
	journal = {Psychiatry Research}
}
@article{Little_2011,
	doi = {10.1098/rstb.2010.0404},
	url = {https://doi.org/10.1098%2Frstb.2010.0404},
	year = 2011,
	month = {may},
	publisher = {The Royal Society},
	volume = {366},
	number = {1571},
	pages = {1638--1659},
	author = {A. C. Little and B. C. Jones and L. M. DeBruine},
	title = {Facial attractiveness: evolutionary based research},
	journal = {Philosophical Transactions of the Royal Society B: Biological Sciences}
}
@article{Carbon_2010,
	doi = {10.1080/13506280903462471},
	url = {https://doi.org/10.1080%2F13506280903462471},
	year = 2010,
	month = {may},
	publisher = {Informa {UK} Limited},
	volume = {18},
	number = {5},
	pages = {641--654},
	author = {Claus-Christian Carbon and Thomas Grüter and Martina Grüter and Joachim E. Weber and Andreas Lueschow},
	title = {Dissociation of facial attractiveness and distinctiveness processing in congenital prosopagnosia},
	journal = {Visual Cognition}
}
@book{McKone_2011,
	doi = {10.1093/oxfordhb/9780199559053.013.0009},
	url = {https://doi.org/10.1093%2Foxfordhb%2F9780199559053.013.0009},
	year = 2011,
	month = {jul},
	publisher = {Oxford University Press},
	author = {Elinor McKone and Rachel Robbins},
	title = {Are Faces Special?}
}
@article{Haxby_2000,
	doi = {10.1016/s1364-6613(00)01482-0},
	url = {https://doi.org/10.1016%2Fs1364-6613%2800%2901482-0},
	year = 2000,
	month = {jun},
	publisher = {Elsevier {BV}},
	volume = {4},
	number = {6},
	pages = {223--233},
	author = {James V. Haxby and Elizabeth A. Hoffman and M.Ida Gobbini},
	title = {The distributed human neural system for face perception},
	journal = {Trends in Cognitive Sciences}
}
@article{Calder_2005,
	doi = {10.1038/nrn1724},
	url = {https://doi.org/10.1038%2Fnrn1724},
	year = 2005,
	month = {aug},
	publisher = {Springer Nature},
	volume = {6},
	number = {8},
	pages = {641--651},
	author = {Andrew J. Calder and Andrew W. Young},
	title = {Understanding the recognition of facial identity and facial expression},
	journal = {Nature Reviews Neuroscience}
}
@article{Behrmann_2005,
	doi = {10.1162/0898929054475154},
	url = {https://doi.org/10.1162%2F0898929054475154},
	year = 2005,
	month = {jul},
	publisher = {{MIT} Press - Journals},
	volume = {17},
	number = {7},
	pages = {1130--1149},
	author = {Marlene Behrmann and Galia Avidan and Jonathan J. Marotta and Rutie Kimchi},
	title = {Detailed Exploration of Face-related Processing in Congenital Prosopagnosia: 1. Behavioral Findings},
	journal = {Journal of Cognitive Neuroscience}
}
@article{Avidan_2011,
	doi = {10.1016/j.neuropsychologia.2011.05.002},
	url = {https://doi.org/10.1016%2Fj.neuropsychologia.2011.05.002},
	year = 2011,
	month = {jul},
	publisher = {Elsevier {BV}},
	volume = {49},
	number = {9},
	pages = {2541--2552},
	author = {Galia Avidan and Michal Tanzer and Marlene Behrmann},
	title = {Impaired holistic processing in congenital prosopagnosia},
	journal = {Neuropsychologia}
}
@article{Palermo_2011,
	doi = {10.1016/j.neuropsychologia.2011.02.021},
	url = {https://doi.org/10.1016%2Fj.neuropsychologia.2011.02.021},
	year = 2011,
	month = {apr},
	publisher = {Elsevier {BV}},
	volume = {49},
	number = {5},
	pages = {1226--1235},
	author = {Romina Palermo and Megan L. Willis and Davide Rivolta and Elinor McKone and C. Ellie Wilson and Andrew J. Calder},
	title = {Impaired holistic coding of facial expression and facial identity in congenital prosopagnosia},
	journal = {Neuropsychologia}
}
@article{Schiltz_2006,
	doi = {10.1016/j.neuroimage.2006.05.037},
	url = {https://doi.org/10.1016%2Fj.neuroimage.2006.05.037},
	year = 2006,
	month = {sep},
	publisher = {Elsevier {BV}},
	volume = {32},
	number = {3},
	pages = {1385--1394},
	author = {Christine Schiltz and Bruno Rossion},
	title = {Faces are represented holistically in the human occipito-temporal cortex},
	journal = {{NeuroImage}}
}
@article{Kriegeskorte_2007,
	doi = {10.1073/pnas.0705654104},
	url = {https://doi.org/10.1073%2Fpnas.0705654104},
	year = 2007,
	month = {dec},
	publisher = {Proceedings of the National Academy of Sciences},
	volume = {104},
	number = {51},
	pages = {20600--20605},
	author = {N. Kriegeskorte and E. Formisano and B. Sorger and R. Goebel},
	title = {Individual faces elicit distinct response patterns in human anterior temporal cortex},
	journal = {Proceedings of the National Academy of Sciences}
}
@article{Landi_2017,
	doi = {10.1126/science.aan1139},
	url = {https://doi.org/10.1126%2Fscience.aan1139},
	year = 2017,
	month = {aug},
	publisher = {American Association for the Advancement of Science ({AAAS})},
	volume = {357},
	number = {6351},
	pages = {591--595},
	author = {Sofia M. Landi and Winrich A. Freiwald},
	title = {Two areas for familiar face recognition in the primate brain},
	journal = {Science}
}
@article{Gr_ter_2008,
	doi = {10.1348/174866407x231001},
	url = {https://doi.org/10.1348%2F174866407x231001},
	year = 2008,
	month = {mar},
	publisher = {Wiley},
	volume = {2},
	number = {1},
	pages = {79--97},
	author = {Thomas Grüter and Martina Grüter and Claus-Christian Carbon},
	title = {Neural and genetic foundations of face recognition and prosopagnosia},
	journal = {Journal of Neuropsychology}
}
@article{Peirce_2007,
	doi = {10.1016/j.jneumeth.2006.11.017},
	url = {https://doi.org/10.1016%2Fj.jneumeth.2006.11.017},
	year = 2007,
	month = {may},
	publisher = {Elsevier {BV}},
	volume = {162},
	number = {1-2},
	pages = {8--13},
	author = {Jonathan W. Peirce},
	title = {{PsychoPy}{\textemdash}Psychophysics software in Python},
	journal = {Journal of Neuroscience Methods}
}
@article{Schacher_2006,
	doi = {10.1212/01.wnl.0000191303.91188.00},
	url = {https://doi.org/10.1212%2F01.wnl.0000191303.91188.00},
	year = 2006,
	month = {jan},
	publisher = {Ovid Technologies (Wolters Kluwer Health)},
	volume = {66},
	number = {1},
	pages = {81--87},
	author = {M. Schacher and B. Haemmerle and F. G. Woermann and M. Okujava and D. Huber and T. Grunwald and G. Kramer and H. Jokeit},
	title = {Amygdala {fMRI} lateralizes temporal lobe epilepsy},
	journal = {Neurology}
}
@article{Labudda_2014,
	doi = {10.1016/j.yebeh.2013.10.014},
	url = {https://doi.org/10.1016%2Fj.yebeh.2013.10.014},
	year = 2014,
	month = {feb},
	publisher = {Elsevier {BV}},
	volume = {31},
	pages = {321--328},
	author = {Kirsten Labudda and Markus Mertens and Christine Steinkroeger and Christian G. Bien and Friedrich G. Woermann},
	title = {Lesion side matters {\textemdash} An {fMRI} study on the association between neural correlates of watching dynamic fearful faces and their evaluation in patients with temporal lobe epilepsy},
	journal = {Epilepsy {\&} Behavior}
}
@article{Dale_1999,
	doi = {10.1006/nimg.1998.0395},
	url = {https://doi.org/10.1006%2Fnimg.1998.0395},
	year = 1999,
	month = {feb},
	publisher = {Elsevier {BV}},
	volume = {9},
	number = {2},
	pages = {179--194},
	author = {Anders M. Dale and Bruce Fischl and Martin I. Sereno},
	title = {Cortical Surface-Based Analysis},
	journal = {{NeuroImage}}
}
@article{Goffaux_2005,
	doi = {10.1068/p5370},
	url = {https://doi.org/10.1068%2Fp5370},
	year = 2005,
	month = {jan},
	publisher = {{SAGE} Publications},
	volume = {34},
	number = {1},
	pages = {77--86},
	author = {Val{\'{e}}rie Goffaux and Barbara Hault and Caroline Michel and Quoc C Vuong and Bruno Rossion},
	title = {The Respective Role of Low and High Spatial Frequencies in Supporting Configural and Featural Processing of Faces},
	journal = {Perception}
}
@article{DeBruine2017,
	author = "Lisa DeBruine and Benedict Jones",
	title = "{Face Research Lab London Set}",
	year = "2017",
	month = "5",
	url = "https://figshare.com/articles/Face_Research_Lab_London_Set/5047666",
	journal = {figshare},
	note = "10.6084/m9.figshare.5047666.v3"
}
@article{Crawford_2009,
	doi = {10.1016/j.neuropsychologia.2009.04.011},
	url = {https://doi.org/10.1016%2Fj.neuropsychologia.2009.04.011},
	year = 2009,
	month = {nov},
	publisher = {Elsevier {BV}},
	volume = {47},
	number = {13},
	pages = {2690--2695},
	author = {John R. Crawford and Paul H. Garthwaite and David C. Howell},
	title = {On comparing a single case with a control sample: An alternative perspective},
	journal = {Neuropsychologia}
}